%YAML 1.1
%TAG !u! tag:unity3d.com,2011:
--- !u!244 &-8955821697546484226
AudioMixerEffectController:
  m_ObjectHideFlags: 3
  m_CorrespondingSourceObject: {fileID: 0}
  m_PrefabInstance: {fileID: 0}
  m_PrefabAsset: {fileID: 0}
  m_Name: 
  m_EffectID: bc49eb010907e124a86cb6f08827c67d
  m_EffectName: Duck Volume
  m_MixLevel: 97e406a0207770246bd3c5188cc3163e
  m_Parameters:
  - m_ParameterName: Threshold
    m_GUID: b222f24bf5960b44cb9beaa4f2344548
  - m_ParameterName: Ratio
    m_GUID: 18224aa52a58a41409022107d0d75ec2
  - m_ParameterName: Attack Time
    m_GUID: 08c3ea1f7cbb9844987a0dfc08c246f8
  - m_ParameterName: Release Time
    m_GUID: 2ecd3fd43b10c3140b89ba64e8244b3e
  - m_ParameterName: Make-up Gain
    m_GUID: 6ae7d2362f00e7242874e2af0dfe227d
  - m_ParameterName: Knee
    m_GUID: 14e599959fb305845888e57a9926d3f5
  - m_ParameterName: Sidechain Mix
    m_GUID: ea0a4268566a631418540be6628a8754
  m_SendTarget: {fileID: 0}
  m_EnableWetMix: 0
  m_Bypass: 0
--- !u!244 &-8506872767546643380
AudioMixerEffectController:
  m_ObjectHideFlags: 3
  m_CorrespondingSourceObject: {fileID: 0}
  m_PrefabInstance: {fileID: 0}
  m_PrefabAsset: {fileID: 0}
  m_Name: 
  m_EffectID: 680f4f7cb47c447488838b35f22056f8
  m_EffectName: Attenuation
  m_MixLevel: a186baaf2d80e144490176e91bb3a829
  m_Parameters: []
  m_SendTarget: {fileID: 0}
  m_EnableWetMix: 0
  m_Bypass: 0
--- !u!244 &-7231194158918877510
AudioMixerEffectController:
  m_ObjectHideFlags: 3
  m_CorrespondingSourceObject: {fileID: 0}
  m_PrefabInstance: {fileID: 0}
  m_PrefabAsset: {fileID: 0}
  m_Name: 
  m_EffectID: 3b78fee4d466d5a42b7fc9f7dbe71d0a
  m_EffectName: Attenuation
  m_MixLevel: 40250e9f9ab29ed4cb095e3fbf1f5ce6
  m_Parameters: []
  m_SendTarget: {fileID: 0}
  m_EnableWetMix: 0
  m_Bypass: 0
--- !u!244 &-6825510103731727371
AudioMixerEffectController:
  m_ObjectHideFlags: 3
  m_CorrespondingSourceObject: {fileID: 0}
  m_PrefabInstance: {fileID: 0}
  m_PrefabAsset: {fileID: 0}
  m_Name: 
  m_EffectID: 474dd29f60df11442b2a4db3441a8e3f
  m_EffectName: Duck Volume
  m_MixLevel: 12e13fcb73c05f84b85c33afd28cdfc4
  m_Parameters:
  - m_ParameterName: Threshold
    m_GUID: f946c1987de403248b6cd104389af225
  - m_ParameterName: Ratio
    m_GUID: ed7355b1c5307b7478f8451db3629efd
  - m_ParameterName: Attack Time
    m_GUID: 9e3e360dd5b22ba4fa1f743057cbc19d
  - m_ParameterName: Release Time
    m_GUID: b26e5d38780e84c4a8f3b23892a21dd4
  - m_ParameterName: Make-up Gain
    m_GUID: fbb1027620b39bf4fbac5013e05d3a5d
  - m_ParameterName: Knee
    m_GUID: a96d8af546299c74f86293ae0e7d1865
  - m_ParameterName: Sidechain Mix
    m_GUID: 9ce1d1111b1f07540ad60aabcfbe919a
  m_SendTarget: {fileID: 0}
  m_EnableWetMix: 0
  m_Bypass: 0
--- !u!244 &-6060980785170980195
AudioMixerEffectController:
  m_ObjectHideFlags: 3
  m_CorrespondingSourceObject: {fileID: 0}
  m_PrefabInstance: {fileID: 0}
  m_PrefabAsset: {fileID: 0}
  m_Name: 
  m_EffectID: 4942f971ecb2a564591fdaff901afc12
  m_EffectName: Attenuation
  m_MixLevel: 71c3d9d70d5e23f4f863b9e7056fa5ca
  m_Parameters: []
  m_SendTarget: {fileID: 0}
  m_EnableWetMix: 0
  m_Bypass: 0
--- !u!244 &-5840415025032071560
AudioMixerEffectController:
  m_ObjectHideFlags: 3
  m_CorrespondingSourceObject: {fileID: 0}
  m_PrefabInstance: {fileID: 0}
  m_PrefabAsset: {fileID: 0}
  m_Name: 
  m_EffectID: 76ebe714a2a56634f82652e0e7aeb4e6
  m_EffectName: Duck Volume
  m_MixLevel: 19f7f64054615be45994469af5b96ef7
  m_Parameters:
  - m_ParameterName: Threshold
    m_GUID: 8a874499c7a76d542985477890efd64e
  - m_ParameterName: Ratio
    m_GUID: b031e55ccc8a35e4e86d8e36f103e6c5
  - m_ParameterName: Attack Time
    m_GUID: 74f01dcc8aced834c91ff06cc28667d7
  - m_ParameterName: Release Time
    m_GUID: e230a41c11b623f4f8f4df59f38b4e30
  - m_ParameterName: Make-up Gain
    m_GUID: 0b968ce6761991145bd06761dcf6412f
  - m_ParameterName: Knee
    m_GUID: 1f4fd16a578886a4db4285b16a44add4
  - m_ParameterName: Sidechain Mix
    m_GUID: 32f9c17ec3dc2b542906819e3f9967e6
  m_SendTarget: {fileID: 0}
  m_EnableWetMix: 0
  m_Bypass: 0
--- !u!243 &-5763103168302443992
AudioMixerGroupController:
  m_ObjectHideFlags: 0
  m_CorrespondingSourceObject: {fileID: 0}
  m_PrefabInstance: {fileID: 0}
  m_PrefabAsset: {fileID: 0}
  m_Name: Narration 2DContent
  m_AudioMixer: {fileID: 24100000}
  m_GroupID: 9a0f3cc7a731d5d4fb10166ea503c878
  m_Children: []
  m_Volume: 44f651bf051d1de4f925c52cf642157e
  m_Pitch: 15aeaab7eb4079443809f254b125053b
  m_Send: 00000000000000000000000000000000
  m_Effects:
  - {fileID: 4381327380105689332}
  - {fileID: 8527124726541169330}
  m_UserColorIndex: 0
  m_Mute: 0
  m_Solo: 0
  m_BypassEffects: 0
--- !u!244 &-3756887381262791000
AudioMixerEffectController:
  m_ObjectHideFlags: 3
  m_CorrespondingSourceObject: {fileID: 0}
  m_PrefabInstance: {fileID: 0}
  m_PrefabAsset: {fileID: 0}
  m_Name: 
  m_EffectID: 3e3520e98bf223e48b507b3aacd65071
  m_EffectName: Attenuation
  m_MixLevel: ea46df4286121e942be669b912aa5f52
  m_Parameters: []
  m_SendTarget: {fileID: 0}
  m_EnableWetMix: 0
  m_Bypass: 0
--- !u!243 &-1608456330669482236
AudioMixerGroupController:
  m_ObjectHideFlags: 0
  m_CorrespondingSourceObject: {fileID: 0}
  m_PrefabInstance: {fileID: 0}
  m_PrefabAsset: {fileID: 0}
  m_Name: SFX
  m_AudioMixer: {fileID: 24100000}
  m_GroupID: 0db33f7af45651e4baf914c65d9f7475
  m_Children: []
  m_Volume: ae085249b9a361044aca6be75e1fae33
  m_Pitch: 621e6edaedbd2d744baa977b667dc0a9
  m_Send: 00000000000000000000000000000000
  m_Effects:
  - {fileID: -8506872767546643380}
  m_UserColorIndex: 0
  m_Mute: 0
  m_Solo: 0
  m_BypassEffects: 0
--- !u!243 &-64141854344545324
AudioMixerGroupController:
  m_ObjectHideFlags: 0
  m_CorrespondingSourceObject: {fileID: 0}
  m_PrefabInstance: {fileID: 0}
  m_PrefabAsset: {fileID: 0}
  m_Name: AmbientMusic Location
  m_AudioMixer: {fileID: 24100000}
  m_GroupID: 2ff40421864c9a644811b30da155890d
  m_Children: []
  m_Volume: 95e3d5a75d03242499712cf8d6d2b40c
  m_Pitch: 000ec5f40ee5d1f49981c79367420280
  m_Send: 00000000000000000000000000000000
  m_Effects:
  - {fileID: -3756887381262791000}
  - {fileID: -8955821697546484226}
  m_UserColorIndex: 0
  m_Mute: 0
  m_Solo: 0
  m_BypassEffects: 0
--- !u!241 &24100000
AudioMixerController:
  m_ObjectHideFlags: 0
  m_CorrespondingSourceObject: {fileID: 0}
  m_PrefabInstance: {fileID: 0}
  m_PrefabAsset: {fileID: 0}
  m_Name: LocationAudioMixer
  m_OutputGroup: {fileID: 0}
  m_MasterGroup: {fileID: 24300002}
  m_Snapshots:
  - {fileID: 24500006}
  m_StartSnapshot: {fileID: 24500006}
  m_SuspendThreshold: -80
  m_EnableSuspend: 1
  m_UpdateMode: 0
  m_ExposedParameters: []
  m_AudioMixerGroupViews:
  - guids:
    - c565755b021239f4c9bbaa4791145208
    - 2ff40421864c9a644811b30da155890d
    - 7556ca0ae466a2b4e9805f10c5b7f857
    - 0db33f7af45651e4baf914c65d9f7475
    - 9a0f3cc7a731d5d4fb10166ea503c878
    - 87afb5c16aa935d4eb8c81bee7d7400a
    - 48cd193f0b57d274a94befa6485c8ce7
    - 88302f5b51a16e243b3822deb2582754
    - 697e78eb2ef71164f9ee8321a3dd4286
    name: View
  m_CurrentViewIndex: 0
  m_TargetSnapshot: {fileID: 24500006}
--- !u!243 &24300002
AudioMixerGroupController:
  m_ObjectHideFlags: 0
  m_CorrespondingSourceObject: {fileID: 0}
  m_PrefabInstance: {fileID: 0}
  m_PrefabAsset: {fileID: 0}
  m_Name: Master
  m_AudioMixer: {fileID: 24100000}
  m_GroupID: c565755b021239f4c9bbaa4791145208
  m_Children:
  - {fileID: -1608456330669482236}
  - {fileID: 5329701920864297138}
  - {fileID: -64141854344545324}
  - {fileID: -5763103168302443992}
  - {fileID: 1360826285390346735}
  - {fileID: 3265100601191217732}
  - {fileID: 720536137073821941}
  - {fileID: 4293120891826389015}
  m_Volume: cc2db4db6fc3b5644b90e74e39f121ca
  m_Pitch: 9839b348786f1974db2942718768cf6b
  m_Send: 00000000000000000000000000000000
  m_Effects:
  - {fileID: 24400004}
  m_UserColorIndex: 0
  m_Mute: 0
  m_Solo: 0
  m_BypassEffects: 0
--- !u!244 &24400004
AudioMixerEffectController:
  m_ObjectHideFlags: 3
  m_CorrespondingSourceObject: {fileID: 0}
  m_PrefabInstance: {fileID: 0}
  m_PrefabAsset: {fileID: 0}
  m_Name: 
  m_EffectID: d2a8f6374ad72c2489784f5f08189ba8
  m_EffectName: Attenuation
  m_MixLevel: a265b113ba3cac84f9e3a9bbc2cdce48
  m_Parameters: []
  m_SendTarget: {fileID: 0}
  m_EnableWetMix: 0
  m_Bypass: 0
--- !u!245 &24500006
AudioMixerSnapshotController:
  m_ObjectHideFlags: 0
  m_CorrespondingSourceObject: {fileID: 0}
  m_PrefabInstance: {fileID: 0}
  m_PrefabAsset: {fileID: 0}
  m_Name: Snapshot
  m_AudioMixer: {fileID: 24100000}
  m_SnapshotID: d9e24a78b279cbe44860bf7f9db8d717
  m_FloatValues:
    4a2b5d104090fac4d8249c9ef6398390: 0
    3cbb57208996b224d894025f73c145d1: 10
    ed7355b1c5307b7478f8451db3629efd: 5
    ca0d3b0271189d9448ed1a12da9b2763: 0
    787babd34da339949ba45e9ef2e8c2c7: 10
    6bb798059ac781f438f48fcd134c46c4: 0
    18224aa52a58a41409022107d0d75ec2: 2.5
    dd5c70b50e1802e49a8116ee261cd073: 10
    95e3d5a75d03242499712cf8d6d2b40c: 10
    f946c1987de403248b6cd104389af225: -70
    7731c7394b1667b48acc0f128b8a30f2: 0.27000841
    ae085249b9a361044aca6be75e1fae33: -9.833286
    8a874499c7a76d542985477890efd64e: -70
    b222f24bf5960b44cb9beaa4f2344548: -70
    b031e55ccc8a35e4e86d8e36f103e6c5: 7
    44f651bf051d1de4f925c52cf642157e: 9.757735
  m_TransitionOverrides: {}
--- !u!243 &720536137073821941
AudioMixerGroupController:
  m_ObjectHideFlags: 0
  m_CorrespondingSourceObject: {fileID: 0}
  m_PrefabInstance: {fileID: 0}
  m_PrefabAsset: {fileID: 0}
  m_Name: AmbientMusic 360Content
  m_AudioMixer: {fileID: 24100000}
  m_GroupID: 48cd193f0b57d274a94befa6485c8ce7
  m_Children: []
  m_Volume: dd5c70b50e1802e49a8116ee261cd073
  m_Pitch: 1a54054455b763e40b6cbf29685c2a50
  m_Send: 00000000000000000000000000000000
  m_Effects:
  - {fileID: 7172024980011732263}
  - {fileID: -5840415025032071560}
  m_UserColorIndex: 0
  m_Mute: 0
  m_Solo: 0
  m_BypassEffects: 0
--- !u!243 &1360826285390346735
AudioMixerGroupController:
  m_ObjectHideFlags: 0
  m_CorrespondingSourceObject: {fileID: 0}
  m_PrefabInstance: {fileID: 0}
  m_PrefabAsset: {fileID: 0}
  m_Name: AmbientMusic 2DContent
  m_AudioMixer: {fileID: 24100000}
  m_GroupID: 87afb5c16aa935d4eb8c81bee7d7400a
  m_Children: []
  m_Volume: 787babd34da339949ba45e9ef2e8c2c7
  m_Pitch: 227c8de9450fc9140ad8d8abc41c4856
  m_Send: 00000000000000000000000000000000
  m_Effects:
  - {fileID: 7172953257633319713}
  - {fileID: -6825510103731727371}
  m_UserColorIndex: 0
  m_Mute: 0
  m_Solo: 0
  m_BypassEffects: 0
--- !u!244 &3210589570658475342
AudioMixerEffectController:
  m_ObjectHideFlags: 3
  m_CorrespondingSourceObject: {fileID: 0}
  m_PrefabInstance: {fileID: 0}
  m_PrefabAsset: {fileID: 0}
  m_Name: 
  m_EffectID: 6daf57b067b159e42845bdd91961dc77
  m_EffectName: Send
  m_MixLevel: 4a2b5d104090fac4d8249c9ef6398390
  m_Parameters: []
  m_SendTarget: {fileID: -8955821697546484226}
  m_EnableWetMix: 0
  m_Bypass: 0
--- !u!243 &3265100601191217732
AudioMixerGroupController:
  m_ObjectHideFlags: 0
  m_CorrespondingSourceObject: {fileID: 0}
  m_PrefabInstance: {fileID: 0}
  m_PrefabAsset: {fileID: 0}
  m_Name: Narration 360Content
  m_AudioMixer: {fileID: 24100000}
  m_GroupID: 88302f5b51a16e243b3822deb2582754
  m_Children: []
  m_Volume: 3cbb57208996b224d894025f73c145d1
  m_Pitch: 9728dc11ad4c395489ab408b8a034524
  m_Send: 00000000000000000000000000000000
  m_Effects:
  - {fileID: -7231194158918877510}
  - {fileID: 8952772698926164108}
  m_UserColorIndex: 0
  m_Mute: 0
  m_Solo: 0
  m_BypassEffects: 0
--- !u!243 &4293120891826389015
AudioMixerGroupController:
  m_ObjectHideFlags: 0
  m_CorrespondingSourceObject: {fileID: 0}
  m_PrefabInstance: {fileID: 0}
  m_PrefabAsset: {fileID: 0}
  m_Name: AmbientMusic 3DContent
  m_AudioMixer: {fileID: 24100000}
  m_GroupID: 697e78eb2ef71164f9ee8321a3dd4286
  m_Children: []
  m_Volume: 3e3472765f6fbd048bc6576d71a0c32c
  m_Pitch: cc23ae59a43a17443b555eb288956313
  m_Send: 00000000000000000000000000000000
  m_Effects:
  - {fileID: 5532555386552546051}
  m_UserColorIndex: 0
  m_Mute: 0
  m_Solo: 0
  m_BypassEffects: 0
--- !u!244 &4381327380105689332
AudioMixerEffectController:
  m_ObjectHideFlags: 3
  m_CorrespondingSourceObject: {fileID: 0}
  m_PrefabInstance: {fileID: 0}
  m_PrefabAsset: {fileID: 0}
  m_Name: 
  m_EffectID: 78c37c1e1867ea147970731cdc9236f9
  m_EffectName: Attenuation
  m_MixLevel: 456e19c6d5f13584a89b1c205ed1fcd3
  m_Parameters: []
  m_SendTarget: {fileID: 0}
  m_EnableWetMix: 0
  m_Bypass: 0
--- !u!243 &5329701920864297138
AudioMixerGroupController:
  m_ObjectHideFlags: 0
  m_CorrespondingSourceObject: {fileID: 0}
  m_PrefabInstance: {fileID: 0}
  m_PrefabAsset: {fileID: 0}
  m_Name: Narration Location
  m_AudioMixer: {fileID: 24100000}
  m_GroupID: 7556ca0ae466a2b4e9805f10c5b7f857
  m_Children: []
  m_Volume: 7731c7394b1667b48acc0f128b8a30f2
  m_Pitch: d1ed52e0e9ca5ed43b1d1fdd840a1344
  m_Send: 00000000000000000000000000000000
  m_Effects:
  - {fileID: -6060980785170980195}
  - {fileID: 3210589570658475342}
  m_UserColorIndex: 0
  m_Mute: 0
  m_Solo: 0
  m_BypassEffects: 0
--- !u!244 &5532555386552546051
AudioMixerEffectController:
  m_ObjectHideFlags: 3
  m_CorrespondingSourceObject: {fileID: 0}
  m_PrefabInstance: {fileID: 0}
  m_PrefabAsset: {fileID: 0}
  m_Name: 
  m_EffectID: 95e32934a2207144da82a51315e5b4c0
  m_EffectName: Attenuation
  m_MixLevel: c8f2959e372708346824d2ef731812c4
  m_Parameters: []
  m_SendTarget: {fileID: 0}
  m_EnableWetMix: 0
  m_Bypass: 0
--- !u!244 &7172024980011732263
AudioMixerEffectController:
  m_ObjectHideFlags: 3
  m_CorrespondingSourceObject: {fileID: 0}
  m_PrefabInstance: {fileID: 0}
  m_PrefabAsset: {fileID: 0}
  m_Name: 
  m_EffectID: d20b90464a62cef43b3929954f90a5ba
  m_EffectName: Attenuation
  m_MixLevel: 822a58986851b104c9de0d47b1756b4d
  m_Parameters: []
  m_SendTarget: {fileID: 0}
  m_EnableWetMix: 0
  m_Bypass: 0
--- !u!244 &7172953257633319713
AudioMixerEffectController:
  m_ObjectHideFlags: 3
  m_CorrespondingSourceObject: {fileID: 0}
  m_PrefabInstance: {fileID: 0}
  m_PrefabAsset: {fileID: 0}
  m_Name: 
  m_EffectID: 4b5eb96af448c1d4d97b2d78069258db
  m_EffectName: Attenuation
  m_MixLevel: 6cb34ac1bffde2c498e94d27a912f14d
  m_Parameters: []
  m_SendTarget: {fileID: 0}
  m_EnableWetMix: 0
  m_Bypass: 0
--- !u!244 &8527124726541169330
AudioMixerEffectController:
  m_ObjectHideFlags: 3
  m_CorrespondingSourceObject: {fileID: 0}
  m_PrefabInstance: {fileID: 0}
  m_PrefabAsset: {fileID: 0}
  m_Name: 
  m_EffectID: 9d848a8d653260449b9b4e3584af2a20
  m_EffectName: Send
  m_MixLevel: ca0d3b0271189d9448ed1a12da9b2763
  m_Parameters: []
  m_SendTarget: {fileID: -6825510103731727371}
  m_EnableWetMix: 0
  m_Bypass: 0
--- !u!244 &8952772698926164108
AudioMixerEffectController:
  m_ObjectHideFlags: 3
  m_CorrespondingSourceObject: {fileID: 0}
  m_PrefabInstance: {fileID: 0}
  m_PrefabAsset: {fileID: 0}
  m_Name: 
  m_EffectID: 7a3a6c5a8ca007749a7c961ebfd0d77e
  m_EffectName: Send
  m_MixLevel: 6bb798059ac781f438f48fcd134c46c4
  m_Parameters: []
  m_SendTarget: {fileID: -5840415025032071560}
  m_EnableWetMix: 0
  m_Bypass: 0
